@article{furey2000support,
  title={Support vector machine classification and validation of cancer tissue samples using microarray expression data},
  author={Furey, Terrence S and Cristianini, Nello and Duffy, Nigel and Bednarski, David W and Schummer, Michel and Haussler, David},
  journal={Bioinformatics},
  volume={16},
  number={10},
  pages={906--914},
  year={2000},
  publisher={Oxford University Press}
}

@article{hawkins2016predicting,
  title={Predicting malignant nodules from screening CT scans},
  author={Hawkins, Samuel and Wang, Hua and Liu, Ying and Garcia, Alberto and Stringfield, Olya and Krewer, Henry and Li, Qian and Cherezov, Dmitry and Gatenby, Robert A and Balagurunathan, Yoganand and others},
  journal={Journal of Thoracic Oncology},
  volume={11},
  number={12},
  pages={2120--2128},
  year={2016},
  publisher={Elsevier}
}
@article{ahammed2022machine,
  title={A machine learning approach for skin disease detection and classification using image segmentation},
  author={Ahammed, Mostafiz and Al Mamun, Md and Uddin, Mohammad Shorif},
  journal={Healthcare Analytics},
  volume={2},
  pages={100122},
  year={2022},
  publisher={Elsevier}
}

@article{cooper2005predicting,
  title={Predicting dire outcomes of patients with community acquired pneumonia},
  author={Cooper, Gregory F and Abraham, Vijoy and Aliferis, Constantin F and Aronis, John M and Buchanan, Bruce G and Caruana, Richard and Fine, Michael J and Janosky, Janine E and Livingston, Gary and Mitchell, Tom and others},
  journal={Journal of biomedical informatics},
  volume={38},
  number={5},
  pages={347--366},
  year={2005},
  publisher={Elsevier}
}

@article{blanco2005feature,
  title={Feature selection in Bayesian classifiers for the prognosis of survival of cirrhotic patients treated with TIPS},
  author={Blanco, Rosa and Inza, I{\~n}aki and Merino, Marisa and Quiroga, Jorge and Larra{\~n}aga, Pedro},
  journal={Journal of Biomedical Informatics},
  volume={38},
  number={5},
  pages={376--388},
  year={2005},
  publisher={Elsevier}
}

@article{esteva2017dermatologist,
  title={Dermatologist-level classification of skin cancer with deep neural networks},
  author={Esteva, Andre and Kuprel, Brett and Novoa, Roberto A and Ko, Justin and Swetter, Susan M and Blau, Helen M and Thrun, Sebastian},
  journal={nature},
  volume={542},
  number={7639},
  pages={115--118},
  year={2017},
  publisher={Nature Publishing Group}
}

@article{bejnordi2017diagnostic,
  title={Diagnostic assessment of deep learning algorithms for detection of lymph node metastases in women with breast cancer},
  author={Bejnordi, Babak Ehteshami and Veta, Mitko and Van Diest, Paul Johannes and Van Ginneken, Bram and Karssemeijer, Nico and Litjens, Geert and Van Der Laak, Jeroen AWM and Hermsen, Meyke and Manson, Quirine F and Balkenhol, Maschenka and others},
  journal={Jama},
  volume={318},
  number={22},
  pages={2199--2210},
  year={2017},
  publisher={American Medical Association}
}

@article{jojoa2021melanoma,
  title={Melanoma diagnosis using deep learning techniques on dermatoscopic images},
  author={Jojoa Acosta, Mario Fernando and Caballero Tovar, Liesle Yail and Garcia-Zapirain, Maria Begonya and Percybrooks, Winston Spencer},
  journal={BMC Medical Imaging},
  volume={21},
  number={1},
  pages={1--11},
  year={2021},
  publisher={BioMed Central}
}

@article{barata2013two,
  title={Two systems for the detection of melanomas in dermoscopy images using texture and color features},
  author={Barata, Catarina and Ruela, Margarida and Francisco, Mariana and Mendon{\c{c}}a, Teresa and Marques, Jorge S},
  journal={IEEE systems Journal},
  volume={8},
  number={3},
  pages={965--979},
  year={2013},
  publisher={IEEE}
}

@article{das2009diagnosis,
  title={Diagnosis of valvular heart disease through neural networks ensembles},
  author={Das, Resul and Turkoglu, Ibrahim and Sengur, Abdulkadir},
  journal={Computer methods and programs in biomedicine},
  volume={93},
  number={2},
  pages={185--191},
  year={2009},
  publisher={Elsevier}
}

@article{ozcan2023classification,
  title={A classification and regression tree algorithm for heart disease modeling and prediction},
  author={Ozcan, Mert and Peker, Serhat},
  journal={Healthcare Analytics},
  volume={3},
  pages={100130},
  year={2023},
  publisher={Elsevier}
}

@article{di2019should,
  title={Should we be afraid of medical AI?},
  author={Di Nucci, Ezio},
  journal={Journal of Medical Ethics},
  volume={45},
  number={8},
  pages={556--558},
  year={2019},
  publisher={Institute of Medical Ethics}
}